@article{lehmann2015dbpedia,
  title={Dbpedia--a large-scale, multilingual knowledge base extracted from wikipedia},
  author={Lehmann, Jens and Isele, Robert and Jakob, Max and Jentzsch, Anja and Kontokostas, Dimitris and Mendes, Pablo N and Hellmann, Sebastian and Morsey, Mohamed and Van Kleef, Patrick and Auer, S{\"o}ren and others},
  journal={Semantic web},
  volume={6},
  number={2},
  pages={167--195},
  year={2015},
  publisher={IOS Press}
}
